<record><leader>00000cas a22000007a 4500</leader><controlfield tag="001">16830253</controlfield><controlfield tag="008">871008d1987199uiaudn ne      0   a0eng d</controlfield><datafield ind1=" " ind2=" " tag="010"><subfield code="a">sn 87057849 </subfield></datafield><datafield ind1=" " ind2=" " tag="040"><subfield code="a">INP</subfield><subfield code="b">eng</subfield><subfield code="c">INP</subfield><subfield code="d">NSD</subfield><subfield code="d">OCLCQ</subfield></datafield><datafield ind1=" " ind2=" " tag="012"><subfield code="j">0</subfield><subfield code="m">d</subfield></datafield><datafield ind1="1" ind2=" " tag="022"><subfield code="a">1080-6997</subfield><subfield code="l">1080-6997</subfield><subfield code="2">1</subfield></datafield><datafield ind1=" " ind2=" " tag="037"><subfield code="b">Herald Pub. Co., 508 N. Court St., Carroll, IA 51401</subfield></datafield><datafield ind1=" " ind2=" " tag="042"><subfield code="a">msc</subfield><subfield code="a">nsdp</subfield></datafield><datafield ind1="0" ind2=" " tag="130"><subfield code="a">Times herald (Carroll, Iowa)</subfield></datafield><datafield ind1=" " ind2="0" tag="222"><subfield code="a">Times herald</subfield><subfield code="b">(Carroll, Iowa)</subfield></datafield><datafield ind1="1" ind2="4" tag="245"><subfield code="a">The times herald.</subfield></datafield><datafield ind1="1" ind2="3" tag="246"><subfield code="a">Daily times herald</subfield></datafield><datafield ind1=" " ind2=" " tag="260"><subfield code="a">Carroll, Iowa :</subfield><subfield code="b">Herald Pub. Co.,</subfield><subfield code="c">1987-</subfield></datafield><datafield ind1=" " ind2=" " tag="300"><subfield code="a">v.</subfield></datafield><datafield ind1=" " ind2=" " tag="310"><subfield code="a">Daily (except Saturdays, Sundays, and holidays other than Washington's birthday and Veteran's Day)</subfield></datafield><datafield ind1="0" ind2=" " tag="362"><subfield code="a">Aug. 3, 1987-</subfield></datafield><datafield ind1=" " ind2=" " tag="515"><subfield code="a">Issues lack numbering.</subfield></datafield><datafield ind1=" " ind2=" " tag="752"><subfield code="a">United States</subfield><subfield code="b">Iowa</subfield><subfield code="c">Carroll</subfield><subfield code="d">Carroll.</subfield></datafield><datafield ind1="0" ind2="0" tag="780"><subfield code="t">Carroll daily times herald</subfield><subfield code="w">(DLC)sn 87057848</subfield></datafield><datafield ind1="0" ind2="0" tag="785"><subfield code="t">Daily times herald</subfield><subfield code="x">1098-3740</subfield><subfield code="w">(DLC)sn 98002016</subfield></datafield></record>